<?xml version="1.0" encoding="UTF-8"?><collection xmlns="http://www.loc.gov/MARC21/slim"><record><leader>00405nam--2200145-i-4500</leader><controlfield tag="001">000049346</controlfield><controlfield tag="002">20161230</controlfield><controlfield tag="005">20161230201047</controlfield><controlfield tag="008">060222s1000------------r-----000-0-eng-d</controlfield><datafield ind1=" " ind2=" " tag="080"><subfield code="a">546.17:546.26</subfield></datafield><datafield ind1=" " ind2=" " tag="245"><subfield code="a">The chemistry of the carbon-nitrogen double bond</subfield></datafield><datafield ind1=" " ind2=" " tag="260"><subfield code="a">London, Interscience Publ., 1970, Xiii+794p</subfield></datafield><datafield ind1=" " ind2=" " tag="490"><subfield code="a">The Chemistry Of Functional Groups</subfield></datafield><datafield ind1=" " ind2=" " tag="700"><subfield code="a">Patai, Saul</subfield></datafield><datafield ind1=" " ind2=" " tag="852"><subfield code="a">32912</subfield></datafield></record></collection>